@BOOK{Sullivan00,
  TITLE = {Electromagnetic Simulation Using The {FDTD} Method},
  AUTHOR = {Sullivan, Dennis M.},
  YEAR = {2000},
  PUBLISHER = {{IEEE} Press}
}

@BOOK{Jackson99,
  TITLE = {Classical Electrodynamics},
  AUTHOR = {Jackson, John David},
  YEAR = {1999},
  PUBLISHER = {Wiley},
}

@article{Courant28,
 TITLE = {Ãœber die partiellen Differenzengleichungen der mathematischen Physik},
 AUTHOR = {Courant, R. and Friedrichs, K. and Lewy, H.},
 JOURNAL = {Mathematische Annalen},
 YEAR = {1928},
 VOLUME = {100},
 NUMBER = {1},
 PAGES = {32-74}
}

